<record><leader>00000cas a22000007a 4500</leader><controlfield tag="001">26043868</controlfield><controlfield tag="008">920618d19361939riuwr ne      0    0eng d</controlfield><datafield ind1=" " ind2=" " tag="010"><subfield code="a">sn 92064118 </subfield></datafield><datafield ind1=" " ind2=" " tag="040"><subfield code="a">RHN</subfield><subfield code="b">eng</subfield><subfield code="c">RHN</subfield><subfield code="d">OCLCQ</subfield></datafield><datafield ind1=" " ind2=" " tag="042"><subfield code="a">msc</subfield></datafield><datafield ind1="0" ind2=" " tag="130"><subfield code="a">Cranston herald (Cranston, R.I. : 1936)</subfield></datafield><datafield ind1="1" ind2="0" tag="245"><subfield code="a">Cranston herald.</subfield></datafield><datafield ind1=" " ind2=" " tag="260"><subfield code="a">Cranston, R.I. :</subfield><subfield code="b">Associated Publications</subfield></datafield><datafield ind1=" " ind2=" " tag="300"><subfield code="a">v.</subfield></datafield><datafield ind1=" " ind2=" " tag="310"><subfield code="a">Weekly</subfield></datafield><datafield ind1="1" ind2=" " tag="362"><subfield code="a">Began in Apr. 1936.</subfield></datafield><datafield ind1="0" ind2=" " tag="362"><subfield code="a">-v. 14, no. 2 (Apr. 27, 1939).</subfield></datafield><datafield ind1=" " ind2=" " tag="588"><subfield code="a">Description based on: Vol. 2, no. 4 (Aug. 13, 1936).</subfield></datafield><datafield ind1=" " ind2="4" tag="651"><subfield code="a">Cranston (R.I.)</subfield><subfield code="v">Newspapers.</subfield></datafield><datafield ind1=" " ind2=" " tag="752"><subfield code="a">United States</subfield><subfield code="b">Rhode Island</subfield><subfield code="c">Providence</subfield><subfield code="d">Cranston.</subfield></datafield><datafield ind1="0" ind2="7" tag="785"><subfield code="t">Cranston news</subfield><subfield code="w">(DLC)sn 92064117</subfield></datafield><datafield ind1="0" ind2="7" tag="785"><subfield code="t">Cranston herald-news</subfield><subfield code="w">(DLC)sn 92064119</subfield></datafield><datafield ind1="1" ind2=" " tag="029"><subfield code="a">AU@</subfield><subfield code="b">000020749106</subfield></datafield></record>